% This file was created with JabRef 2.5.
% Encoding: UTF-8

@INBOOK{Hintikka69,
  pages = {38--53},
  title = {{On Kant's Notion of Intuition (Anschauung)}},
  year = {1969},
  author = {Hintikka, Jakko},
  crossref = {PenMac}
}

@INBOOK{Kant1968,
  pages = {621-738},
  title = {Der einzig m{\"o}gliche Beweisgrund zu einer Demonstration des Daseins
	Gottes},
  publisher = {Suhrkamp Verlag},
  year = {1968},
  author = {Immanuel Kant},
  volume = {2},
  crossref = {kant1968w},
  owner = {baskerville},
  timestamp = {2007.06.26}
}

@INBOOK{Montague74,
  pages = {286--302},
  title = {{Syntactical Treatments of Modality, with Corollaries on Reflexion
	Principles and Finite Axiomatizability}},
  year = {1979},
  author = {Montague, Richard},
  crossref = {FormalPhi}
}

@INBOOK{Parsons83,
  pages = {110--149},
  title = {{Kant's Philosophy of Arithmetic}},
  year = {1983},
  author = {Parsons, Charles},
  crossref = {Parsons}
}

@INBOOK{3grades,
  pages = {158--176},
  title = {{Three Grades of Modal Involvement}},
  author = {Quine, W.V.},
  crossref = {Quine66}
}

@INBOOK{Quine1953a,
  chapter = {1},
  pages = {1-19},
  title = {On What there is},
  year = {1953},
  author = {Quine, Willard van Orman},
  crossref = {Quine1953},
  owner = {baskerville},
  timestamp = {2007.06.20}
}

@INBOOK{ondenoting,
  pages = {3--14},
  title = {{Da Denota\c{c}\~ao}},
  year = {1978},
  author = {Russell, Bertrand},
  crossref = {Russell}
}

@INBOOK{Sider2003,
  pages = {180-208},
  title = {Reductive Theories of Modality},
  publisher = {Oxford University Press},
  year = {2003},
  author = {Theodore Sider},
  crossref = {Loux2003},
  owner = {baskerville},
  timestamp = {2007.06.23}
}

@ARTICLE{Adams1981,
  author = {Adams, Robert Merrihew},
  title = {Actualism and Thisness},
  journal = {Synthese},
  year = {1981},
  volume = {49},
  pages = {3--41},
  owner = {baskerville},
  timestamp = {2007.06.20}
}

@ARTICLE{Adams1974,
  author = {Robert Merrihew Adams},
  title = {Theories of Actuality},
  journal = {Noûs},
  year = {1974},
  volume = {8},
  pages = {211-231},
  number = {3},
  owner = {baskerville},
  timestamp = {2007.06.18}
}

@ARTICLE{allen61,
  author = {Allen, R.E.},
  title = {The Ontological Argument},
  journal = {The Philosophical Review},
  year = {1961},
  volume = {70},
  pages = {56-66},
  number = {1},
  month = {Jan},
  comment = {Primeira impressão: contra Malcolm, pro Kant},
  file = {Allen-TheOntArg.pdf:argumentoontologico/Allen-TheOntArg.pdf:PDF},
  owner = {baskerville},
  timestamp = {2007.04.21}
}

@BOOK{Allison1983,
  title = {Kant's Transcendental Idealism: an Interpretation and Defense},
  publisher = {Yale University Press},
  year = {1983},
  author = {Henry Allison},
  owner = {baskerville},
  timestamp = {2007.06.25}
}

@BOOK{Allison1973,
  title = {The Kant-Eberhard Controversy},
  publisher = {The John Hopkins University Press},
  year = {1973},
  author = {Henry Allison},
  address = {Baltimore/London},
  owner = {baskerville},
  timestamp = {2007.06.20}
}

@ARTICLE{alston60,
  author = {Alston, William P.},
  title = {The Ontological Argument Revisited},
  journal = {The Philosophical Review},
  year = {1960},
  volume = {69},
  pages = {452-474},
  number = {4},
  month = {oct},
  file = {Alston-TheOntArgRevisited.pdf:argumentoontologico/Alston-TheOntArgRevisited.pdf:PDF},
  keywords = {argumento ontológico, existência},
  owner = {baskerville},
  timestamp = {2007.04.19}
}

@PHDTHESIS{NewElement_8,
  author = {Altmann, S\'ilvia},
  title = {{Ju\'izo, Categoria e Exist ncia. A Resposta Kantiana ao Argumento
	Ontol\'ogico \`a luz da Dedu\c{c}\~ao Metaf\'isica}},
  school = {Universidade Federal do Rio Grande do Sul},
  year = {2003},
  address = {Porto Alegre, RS},
  month = jun
}

@ARTICLE{Aqvist1999,
  author = {Lennart Aqvist},
  title = {The Logic of Historical Necessity as Founded on Two-Dimensional Modal
	Tense Logic},
  journal = {Journal of Philosophical Logic},
  year = {1999},
  volume = {28},
  pages = {329-369},
  owner = {baskerville},
  timestamp = {2007.06.18}
}

@BOOK{PH,
  title = {{Categories and De Interpretatione}},
  publisher = {Clarendon Press},
  year = {1994},
  author = {Arist\'oteles},
  address = {Oxford},
  isbn = {0-19-872086-6},
  tradutor = {J.L.Ackrill }
}

@BOOK{Armstrong1989,
  title = {A Combinatorial Theory of Possibility},
  publisher = {Cambridge University Press},
  year = {1989},
  author = {D.M. Armstrong},
  owner = {baskerville},
  timestamp = {2007.12.03}
}

@BOOK{portroyal,
  title = {{La Logique ou l'Art de Penser. Contenant, outre les r\`egles communes,
	plusieurs observations nouvelles, propres \`a former le jugement}},
  publisher = {Flammarion},
  year = {1970},
  author = {Arnauld, A. and Nicole, P.},
  address = {Paris}
}

@ARTICLE{barcanmarcus1946fcf,
  author = {Barcan-Marcus, RC},
  title = {{A functional calculus of the first order based on strict implication}},
  journal = {Journal of Symbolic Logic},
  year = {1946},
  volume = {11},
  pages = {1--16}
}

@ARTICLE{Beck56,
  author = {Beck, Lewis White},
  title = {{Kant's Theory of Definition}},
  journal = {The Philosophical Review},
  year = {1956},
  volume = {65},
  pages = {179--191},
  number = {2},
  month = apr
}

@ARTICLE{Boghossian1996,
  author = {Paul Boghossian},
  title = {Analyticity Reconsidered},
  journal = {Noûs},
  year = {1996},
  volume = {30},
  pages = {360-391},
  owner = {baskerville},
  timestamp = {2007.06.23}
}

@ARTICLE{Bolton76,
  author = {Bolton, Robert},
  title = {{Essentialism and Semantic Theory in Aristotle: Posterior Analytics,
	II, 7-10}},
  journal = {The Philosophical Review},
  year = {1976},
  volume = {85},
  pages = {514--544},
  number = {4},
  month = oct
}

@ARTICLE{Bonevac82,
  author = {Bonevac, Daniel},
  title = {{Kant on Existence and Modality}},
  journal = {Archiv f{\"u}r Geschichte der Philosophie},
  year = {1982},
  volume = {64},
  pages = {289--300},
  number = {3}
}

@BOOK{Brandt95,
  title = {{The Table of Judgments: Critique of Pure Reason A67-76;B92-101}},
  publisher = {Ridgeview Publishing Co.},
  year = {1995},
  author = {Brandt, Reinhard},
  series = {Col. North American Kant Society Studies in Philosophy},
  address = {Atascadero, CA},
  tradutor = {Eric Watkins}
}

@ARTICLE{Brody67,
  author = {Brody, B.A.},
  title = {{Natural Kinds and Real Essences}},
  journal = {The Journal of Philosophy},
  year = {1967},
  volume = {64},
  pages = {431--446},
  number = {14},
  month = jul
}

@ARTICLE{Burgess79,
  author = {Burgess, John},
  title = {{Logic and Time}},
  journal = {The Journal of Symbolic Logic},
  year = {1979},
  volume = {44},
  pages = {566--582},
  number = {4},
  month = dec
}

@ARTICLE{cartwright60,
  author = {Cartwright, Richard},
  title = {Negative Existentials},
  journal = {The Journal of Philosophy},
  year = {1960},
  volume = {57},
  pages = {629-639},
  number = {20/21},
  month = {December},
  file = {Cartwright-NegativeExistentials.pdf:/home/baskerville/artigos/Cartwright-NegativeExistentials.pdf:PDF},
  owner = {baskerville},
  timestamp = {2007.04.19}
}

@BOOK{vancleve99,
  title = {Problems from Kant},
  publisher = {Oxford University Press},
  year = {1999},
  author = {James van Cleve},
  address = {New York/Oxford},
  owner = {baskerville},
  timestamp = {2009.07.29}
}

@ARTICLE{Coburn1966,
  author = {Robert Coburn},
  title = {Animadversions on Plantinga's Kant},
  journal = {The Journal of Philosophy},
  year = {1966},
  volume = {63},
  pages = {546-548},
  number = {19},
  owner = {baskerville},
  timestamp = {2007.06.20}
}

@ARTICLE{cocchiarella66,
  author = {Nino Cocchiarella},
  title = {A Logic of Possible and Actual Objects},
  journal = {Journal of Symbolic Logic},
  year = {1966},
  volume = {31},
  pages = {688},
  owner = {baskerville},
  timestamp = {2009.09.21}
}

@ARTICLE{Cook1985,
  author = {Monte Cook},
  title = {Names and Possible Objects},
  journal = {The Philosophical Quarterly},
  year = {1985},
  volume = {35},
  pages = {303-310},
  number = {140},
  owner = {baskerville},
  timestamp = {2007.06.18}
}

@ARTICLE{Copeland2002,
  author = {Copeland, B.J.},
  title = {The Genesis of Possible Worlds Semantics},
  journal = {Journal of Philosophical Logic},
  year = {2002},
  volume = {31},
  pages = {99-137},
  owner = {baskerville},
  timestamp = {2007.06.25}
}

@BOOK{Divers2002a,
  title = {Possible Worlds},
  publisher = {Routledge},
  year = {2002},
  author = {John Divers},
  owner = {baskerville},
  timestamp = {2007.12.03}
}

@ARTICLE{Divers1999,
  author = {John Divers},
  title = {Kant's Criteria of the A Priori},
  journal = {Pacific Philosophical Quarterly},
  year = {1999},
  volume = {80},
  pages = {10-45},
  owner = {baskerville},
  timestamp = {2007.06.24}
}

@ARTICLE{Divers2002,
  author = {John Divers and Joseph Melia},
  title = {The Analytic Limit of Genuine Modal Realism},
  journal = {Mind},
  year = {2002},
  volume = {111},
  number = {441},
  owner = {baskerville},
  timestamp = {2007.06.18}
}

@ARTICLE{Donnellan1966,
  author = {Keith Donnellan},
  title = {Reference and Definite Descriptions},
  journal = {The Philosophical Review},
  year = {1966},
  volume = {75},
  pages = {281-304},
  number = {3},
  owner = {baskerville},
  timestamp = {2007.06.18}
}

@BOOK{Fitting1998,
  title = {First-Order Modal Logic},
  publisher = {Kluwer Academic Publishers},
  year = {1998},
  author = {Melvin Fitting and Richard Mendelsohn},
  series = {Synthese Library volume 277},
  address = {Dordrecht/Boston/London},
  owner = {baskerville},
  timestamp = {2007.06.18}
}

@ARTICLE{forgie72,
  author = {Forgie, J.William},
  title = {Frege's {O}bjection to the {O}ntological {A}rgument},
  journal = {Noûs},
  year = {1972},
  volume = {6},
  pages = {251-265},
  number = {3},
  month = sep,
  file = {Forgie-FregesObjectiontoOntArgument.pdf:/home/baskerville/artigos/Forgie-FregesObjectiontoOntArgument.pdf:PDF}
}

@BOOK{Garson2006,
  title = {Modal Logic for Philosophers},
  publisher = {Cambridge University Press},
  year = {2006},
  author = {Garson, James},
  address = {Cambridge},
  owner = {baskerville},
  timestamp = {2007.06.18}
}

@ARTICLE{geach1965a,
  author = {Geach, Peter},
  title = {Assertion},
  journal = {The Philosophical Review},
  year = {1965},
  volume = {74},
  pages = {449--465},
  number = {4},
  publisher = {JSTOR}
}

@ARTICLE{Goldblatt2003,
  author = {Robert Goldblatt},
  title = {Mathematical Modal Logic: A view of its evolution},
  journal = {Journal of Applied Logic},
  year = {2003},
  volume = {1},
  pages = {309-392},
  owner = {baskerville},
  timestamp = {2007.06.25}
}

@ARTICLE{Gram80,
  author = {Gram, Moltke S.},
  title = {{The Crisis of Syntheticity: The Kant-Eberhard Controversy}},
  journal = {Kant-Studien},
  year = {1980},
  pages = {155--180},
  number = {71}
}

@ARTICLE{Guerzoni1991,
  author = {Guerzoni, José Alexandre Durry},
  title = {Semântica Transcendental, Modalidade e Demonstrabilidade},
  journal = {O que nos faz pensar},
  year = {1991},
  volume = {4},
  pages = {37-55},
  owner = {baskerville},
  timestamp = {2007.06.21}
}

@ARTICLE{Halbach03,
  author = {Halbach, Volker},
  title = {{Possible-Worlds Semantics for Modal Notions conceived as Predicates}},
  journal = {Journal of Philosophical Logic},
  year = {2003},
  pages = {179--233},
  number = {32}
}

@BOOK{Hanna2005,
  title = {Kant e os Fundamentos da Filosofia Analítica},
  publisher = {Editora Unisinos},
  year = {2005},
  author = {Robert Hanna},
  address = {São Leopoldo},
  owner = {baskerville},
  timestamp = {2007.06.18}
}

@ARTICLE{Hanna98,
  author = {Hanna, Robert},
  title = {{A Kantian Critique of Scientific Essentialism}},
  journal = {Philosophy and Phenomenological Research},
  year = {1998},
  volume = {58},
  pages = {497--528},
  number = {3},
  month = sep
}

@ARTICLE{Hayaki2006,
  author = {Reina Hayaki},
  title = {Contingent Objects and the Barcan Formula},
  journal = {Erkenntnis},
  year = {2006},
  volume = {64},
  pages = {75-83},
  owner = {baskerville},
  timestamp = {2007.06.18}
}

@BOOK{Heidegger82,
  title = {{Interpr\'etation Ph\'enom\'enologique de la 'Critique de la Raison
	Pure' de Kant}},
  publisher = {\'Editions Gallimard},
  year = {1982},
  author = {Heidegger, Martin},
  series = {Biblioth\`eque de Philosophie: Oeuvres de Martin Heidegger},
  address = {Paris},
  tradutor = {Emmanuel Martineau}
}

@BOOK{Hintikka2005,
  title = {Knowledge and Belief: an Introduction to the Logic of the Two Notions},
  publisher = {King's College London Publication},
  year = {2005},
  author = {Jakko Hintikka},
  address = {London},
  owner = {baskerville},
  timestamp = {2007.06.18}
}

@BOOK{HughesCresswell,
  title = {{A new introduction to modal logic}},
  publisher = {Routledge},
  year = {1996},
  author = {Hughes, G.E. and Cresswell, M.J.},
  address = {London/New York}
}

@ARTICLE{Inwagen1980,
  author = {Peter van Inwagen},
  title = {Indexicality and Actuality},
  journal = {The Philosophical Review},
  year = {1980},
  volume = {89},
  pages = {403-426},
  number = {3},
  owner = {baskerville},
  timestamp = {2007.06.18}
}

@BOOK{Kant1994,
  title = {{Cr\'itica da Raz\~ao Pura}},
  publisher = {Funda\c{c}\~ao Calouste Gulbenkian},
  year = {1994},
  author = {Kant, Immanuel},
  address = {Lisboa},
  edition = {3},
  tradutor = {Manuela Pinto dos Santos e Alexandre Fradique Mour\~ao}
}

@BOOK{Kant1992,
  title = {{Lectures on Logic}},
  publisher = {Cambridge University Press},
  year = {1992},
  author = {Kant, Immanuel},
  series = {The Cambridge Edition of the Works of Immanuel Kant},
  address = {Cambridge},
  by = {J. Michael Young}
}

@BOOK{kant1968w,
  title = {{{Werke in zw{\"o}lf B{\"a}nden}}},
  publisher = {Suhrkamp Verlag},
  year = {1968},
  author = {Kant, I.},
  address = {Frankfurt a. M}
}

@BOOK{kitcher1990kst,
  title = {{Kant's Transcendental Psychology}},
  publisher = {Oxford University Press},
  year = {1990},
  author = {Kitcher, P.W.},
  address = {Oxford}
}

@ARTICLE{Kiteley1958,
  author = {Murray Kiteley},
  title = {Existence and the Ontological Argument},
  journal = {Philosophy and Phenomenological Research},
  year = {1958},
  volume = {18},
  pages = {533-535},
  number = {4},
  month = {Jun},
  owner = {baskerville},
  timestamp = {2007.06.18}
}

@BOOK{Kripke80,
  title = {{Naming and Necessity}},
  publisher = {Harvard University Press},
  year = {1980},
  author = {Kripke, Saul},
  address = {Cambridge, MA}
}

@ARTICLE{Kripke1963,
  author = {Saul Kripke},
  title = {Semantical Considerations on Modal Logic},
  journal = {Acta Philosophica Fennica},
  year = {1963},
  volume = {16},
  pages = {83-94},
  owner = {baskerville},
  timestamp = {2007.06.25}
}

@ARTICLE{Landim2000,
  author = {Landim, Raul},
  title = {Juízos Predicativos e Juízos de Existência: a Propósito da Crítica
	Kantiana ao Argumento Ontológico Cartesiano},
  journal = {Analytica},
  year = {2000},
  volume = {5},
  pages = {83-108},
  number = {1-2},
  owner = {baskerville},
  timestamp = {2007.06.18}
}

@BOOK{Lewis1986,
  title = {On the Plurality of Worlds},
  publisher = {Blackwell},
  year = {1986},
  author = {David Lewis},
  owner = {baskerville},
  timestamp = {2007.12.03}
}

@BOOK{Lewis73,
  title = {{Counterfactuals}},
  publisher = {Blackwell},
  year = {1973},
  author = {Lewis, David},
  address = {Oxford}
}

@ARTICLE{Lewis1970,
  author = {David Lewis},
  title = {Anselm and Actuality},
  journal = {Noûs},
  year = {1970},
  volume = {4},
  pages = {175-188},
  number = {2},
  month = {May},
  owner = {baskerville},
  timestamp = {2007.06.18}
}

@ARTICLE{Linsky1994,
  author = {Bernard Linsky and Edward Zalta},
  title = {In Defense of the Simplest Quantified Modal Logic},
  journal = {Philosophical Perspectives},
  year = {1994},
  volume = {8},
  pages = {431-458},
  owner = {baskerville},
  timestamp = {2007.06.18}
}

@BOOK{Longuenesse98,
  title = {{Kant and the Capacity to Judge. Sensibility and Discursivity in
	the Transcendental Analytic of the 'Critique of Pure Reason'}},
  publisher = {Princeton University Press},
  year = {1998},
  author = {Longuenesse, B\'eatrice},
  address = {Princeton}
}

@BOOK{mackie82,
  title = {The Miracle of Theism: Arguments for and against the Existence of
	God},
  publisher = {Oxford University Press},
  year = {1982},
  author = {John L. Mackie},
  address = {New York/Oxford},
  owner = {baskerville},
  timestamp = {2009.07.29}
}

@ARTICLE{malcolm60,
  author = {Malcolm, Norman},
  title = {Anselm's {O}ntological {A}rguments},
  journal = {The Philosophical Review},
  year = {1060},
  volume = {69},
  pages = {41-62},
  number = {1},
  month = jan
}

@ARTICLE{Marcus71,
  author = {Marcus, Ruth Barcan},
  title = {{Essential Attribution}},
  journal = {The Journal of Philosophy},
  year = {1971},
  volume = {68},
  pages = {187--202},
  number = {7},
  month = apr
}

@ARTICLE{Marcus67,
  author = {Marcus, Ruth Barcan},
  title = {{Essentialism in Modal Logic}},
  journal = {No s},
  year = {1967},
  volume = {1},
  pages = {91--96},
  number = {1},
  month = mar
}

@ARTICLE{Mattey86,
  author = {Mattey, G.J.},
  title = {{Kant's Theory of Propositional Attitudes}},
  journal = {Kant-Studien},
  year = {1986},
  volume = {77},
  pages = {423--440},
  number = {4}
}

@BOOK{Mellor1998,
  title = {Real Time II},
  publisher = {Routledge},
  year = {1998},
  author = {D.H. Mellor},
  owner = {baskerville},
  timestamp = {2007.12.03}
}

@INCOLLECTION{sep-actualism,
  author = {Menzel, Christopher},
  title = {Actualism},
  booktitle = {The Stanford Encyclopedia of Philosophy},
  year = {Spring 2007},
  editor = {Edward N. Zalta},
  url = {http://plato.stanford.edu/archives/spr2007/entries/actualism/}
}

@BOOK{FormalPhi,
  title = {{Formal Philosophy: Selected Papers of Richard Montague}},
  publisher = {Yale UP},
  year = {1979},
  editor = {Thomason, Richmond H.},
  author = {Montague, Richard},
  address = {New Haven \& London}
}

@ARTICLE{kiteley64,
  author = {Kiteley. Murray},
  title = {Is Existence a Predicate?},
  journal = {Mind},
  year = {1964},
  volume = {73},
  pages = {364-373},
  number = {291},
  month = {Jul},
  file = {Kiteley-IsExistenceaPredicate.pdf:/home/baskerville/artigos/argumentoontologico/Kiteley-IsExistenceaPredicate.pdf:PDF},
  keywords = {existência, argumento ontológico},
  owner = {baskerville},
  timestamp = {2007.04.19}
}

@ARTICLE{nakhsal,
  author = {George Nakhnikian and Wesley Salmon},
  title = {"Exists" as a Predicate},
  journal = {The Philosophical Review},
  year = {1957},
  volume = {66},
  pages = {535-542},
  number = {4},
  month = {oct},
  file = {Nakhnikian+Salmon-ExistsasPredicate.pdf:modalidade/Nakhnikian+Salmon-ExistsasPredicate.pdf:PDF},
  owner = {baskerville},
  timestamp = {2007.04.19}
}

@BOOK{Oppy1995,
  title = {Ontological Arguments and Belief in God},
  publisher = {Cambridge University Press},
  year = {1995},
  author = {Graham Oppy},
  owner = {baskerville},
  timestamp = {2007.12.03}
}

@BOOK{Parsons,
  title = {{Mathematics in Philosophy: Selected Essays}},
  publisher = {Cornell University Press},
  year = {1983},
  author = {Parsons, Charles},
  address = {Ithaca}
}

@BOOK{Paton1936,
  title = {Kant's Metaphysic of Experience},
  publisher = {The Macmillan Company},
  year = {1936},
  author = {H. J. Paton},
  address = {New York},
  owner = {baskerville},
  timestamp = {2007.06.20}
}

@ARTICLE{Plantinga1987,
  author = {Alvin Plantinga},
  title = {Two Concepts of Modality: Modal Realism and Modal Reductionism},
  journal = {Philosophical Perspectives},
  year = {1987},
  volume = {1},
  pages = {189-231},
  owner = {baskerville},
  timestamp = {2007.06.20}
}

@BOOK{plantinga74,
  title = {The Nature of Necessity},
  publisher = {Oxford University Press},
  year = {1974},
  author = {Alvin Plantinga},
  owner = {baskerville},
  timestamp = {2009.07.30}
}

@ARTICLE{plantinga66,
  author = {Plantinga, Alvin},
  title = {Kant's {O}bjection to the {O}ntological {A}rgument},
  journal = {The Journal of Philosophy},
  year = {1966},
  volume = {63},
  pages = {537-545},
  number = {19},
  month = {13 } # oct
}

@ARTICLE{Plantinga1961,
  author = {Alvin Plantinga},
  title = {A Valid Ontological Argument?},
  journal = {The Philosophical Review},
  year = {1961},
  volume = {70},
  pages = {93-101},
  number = {1},
  owner = {baskerville},
  timestamp = {2007.06.18}
}

@BOOK{Poinsot30,
  title = {{Ars Logica seu De Forma et Materia Ratiocinandi}},
  publisher = {Marietti},
  year = {1930},
  author = {Poinsot, Jean},
  address = {Turim}
}

@BOOK{Prior1967,
  title = {{Past, present and future}},
  publisher = {Clarendon Press},
  year = {1967},
  author = {Prior, Arthur},
  address = {Oxford}
}

@ARTICLE{prior55,
  author = {Arthur N. Prior},
  title = {Is Necessary Existence Possible?},
  journal = {Philosophy and Phenomenological Reseach},
  year = {1955},
  volume = {15},
  pages = {545-547},
  number = {4},
  owner = {baskerville},
  timestamp = {2009.02.06}
}

@BOOK{Quine66,
  title = {{The Way of Paradox and Other Essays}},
  publisher = {Harvard University Press},
  year = {1966},
  author = {Quine, W.V.},
  address = {Cambridge, MA \& London},
  edition = {2}
}

@ARTICLE{quine1951mtr,
  author = {Quine, WV},
  title = {{Main Trends in Recent Philosophy: Two Dogmas of Empiricism}},
  journal = {The Philosophical Review},
  year = {1951},
  volume = {60},
  pages = {20--43},
  number = {1},
  publisher = {JSTOR}
}

@ARTICLE{Quine47,
  author = {Quine, W.V.},
  title = {{The Problem of Interpreting Modal Logic}},
  journal = {The Journal of Symbolic Logic},
  year = {1947},
  volume = {12},
  pages = {43--48},
  number = {2},
  month = jun
}

@ARTICLE{Quine43,
  author = {Quine, W.V.},
  title = {{Notes on Existence and Necessity}},
  journal = {The Journal of Philosophy},
  year = {1943},
  volume = {40},
  pages = {113--127},
  number = {5},
  month = mar
}

@BOOK{Quine1953,
  title = {From a Logical Point of View},
  publisher = {Harvard University Press},
  year = {1953},
  author = {Quine, Willard van Orman},
  address = {Cambridge, MA},
  owner = {baskerville},
  timestamp = {2007.06.20}
}

@ARTICLE{Rescher99,
  author = {Rescher, Nicholas},
  title = {{How Many Possible-Worlds are there?}},
  journal = {Philosophy and Phenomenological Reseach},
  year = {1999},
  volume = {59},
  pages = {403--420},
  number = {2},
  abstract = {O objetivo do texto \'e mostrar que n\~ao h\'a crit\'erios de identidade
	adequados para mundos e indiv\'iduos poss\'iveis, usando isso como
	um argumento contra o realismo modal de pessoas como Lewis}
}

@ARTICLE{Roper82,
  author = {Roper, Andrew},
  title = {{Towards an Eliminative Reduction of Possible Worlds}},
  journal = {The Philosophical Quarterly},
  year = {1982},
  volume = {32},
  pages = {45--59},
  number = {126},
  month = jan,
  url = {http://links.jstor.org/sici?sici=0031-8094%28198201%2932%3C45%3ATAEROP%3E2.0.CO%3B2-H}
}

@BOOK{Russell,
  title = {{Ensaios Escolhidos}},
  publisher = {Abril Cultural},
  year = {1978},
  editor = {Lacey, Hugh M.},
  author = {Russell, Bertrand},
  series = {Os Pensadores},
  address = {S\~ao Paulo}
}

@ARTICLE{Salmon1989,
  author = {Nathan Salmon},
  title = {The Logic of What Might Have Been},
  journal = {The Philosophical Review},
  year = {1989},
  volume = {98},
  pages = {3-34},
  number = {1},
  owner = {baskerville},
  timestamp = {2007.06.20}
}

@ARTICLE{Salmon1987,
  author = {Nathan Salmon},
  title = {Existence},
  journal = {Philosophical Perspectives},
  year = {1987},
  volume = {1},
  pages = {49-108},
  owner = {baskerville},
  timestamp = {2007.06.18}
}

@BOOK{Schulthess81,
  title = {{Relation und Funktion: Eine systematische und entwicklungsgechichtliche
	Untersuchung zur theoretischen Philosophie Kants}},
  publisher = {Walter de Gruyter},
  year = {1981},
  author = {Schulthess, Peter},
  address = {Berlin/New York}
}

@ARTICLE{shaffer1962epa,
  author = {Shaffer, J.},
  title = {Existence, Predication, and the Ontological Argument},
  journal = {Mind},
  year = {1962},
  volume = {71},
  pages = {307--325},
  number = {283},
  publisher = {JSTOR}
}

@ARTICLE{Shalkowski1994,
  author = {Scott A. Shalkowski},
  title = {The Ontological Ground of the Alethic Modality},
  journal = {The Philosophical Review},
  year = {1994},
  volume = {103},
  pages = {669-688},
  number = {4},
  month = {Oct},
  owner = {baskerville},
  timestamp = {2007.06.18}
}

@ARTICLE{Smit00,
  author = {Smit, Houston},
  title = {{Kant on Marks and the Imediacy of Intuition}},
  journal = {The Philosophical Review},
  year = {2000},
  volume = {109},
  pages = {235--266},
  number = {2},
  month = apr
}

@ARTICLE{Stalnaker2001,
  author = {Stalnaker, R.},
  title = {{On Considering a Possible World as Actual}},
  journal = {Aristotelian Society Supplementary Volume},
  year = {2001},
  volume = {75},
  pages = {141-156},
  owner = {baskerville},
  timestamp = {2007.06.23}
}

@ARTICLE{stalnaker1978a,
  author = {Stalnaker, R.},
  title = {Assertion},
  journal = {Syntax and Semantics},
  year = {1978},
  volume = {9},
  pages = {315--332}
}

@ARTICLE{Stalnaker76,
  author = {Stalnaker, Robert},
  title = {{Possible Worlds}},
  journal = {No\^{u}s},
  year = {1976},
  volume = {10},
  pages = {65--75},
  number = {1},
  month = mar,
  url = {http://links.jstor.org/sici?sici=0029-4624%28197603%2910%3A1%3C65%3APW%3E2.0.CO%3B2-8}
}

@BOOK{Strawson66,
  title = {{The Bounds of Sense. An Essay on Kant's Critique of Pure Reason}},
  publisher = {Methuen},
  year = {1966},
  author = {Strawson, Peter},
  address = {London}
}

@ARTICLE{Thompson80,
  author = {Thompson, Manley},
  title = {{Singular Terms and Intuitions in Kant's Epistemology}},
  journal = {Review of Metaphysics},
  year = {1980},
  pages = {314--343},
  number = {26}
}

@ARTICLE{Tooley1981,
  author = {Michael Tooley},
  title = {Plantinga's Defence of the Ontological Argument},
  journal = {Mind},
  year = {1981},
  volume = {90},
  pages = {422-427},
  number = {359},
  owner = {baskerville},
  timestamp = {2007.06.20}
}

@ARTICLE{Uzgalis88,
  author = {Uzgalis, W.L.},
  title = {{The Anti-Essential Locke and Natural Kinds}},
  journal = {The Philosophical Quarterly},
  year = {1988},
  volume = {38},
  pages = {330--339},
  number = {152},
  month = jul
}

@ARTICLE{Williams85,
  author = {Williams, C.J.F.},
  title = {{Aristotle's Theory of Descriptions}},
  journal = {The Philosophical Review},
  year = {1985},
  volume = {94},
  pages = {63--80},
  number = {1},
  month = jan
}

@ARTICLE{Kirk78,
  author = {Wilson, Kirk D.},
  title = {{Studies in the Formal Logic of Kant's Modal Functions of Judgment}},
  journal = {Kant-Studien},
  year = {1978},
  pages = {252--272},
  number = {69}
}

@ARTICLE{Kirk75,
  author = {Wilson, Kirk D.},
  title = {{Kant on Intuition}},
  journal = {Philosophical Quarterly},
  year = {1975},
  volume = {25},
  pages = {247--265}
}

@BOOK{Wolff1736,
  title = {{Philosophia Prima sive Ontologia}},
  publisher = {Georg Olms Verlag},
  year = {1977},
  editor = {Jean \'Ecole},
  author = {Wolff, Christian},
  series = {Gesammelte Werke},
  address = {Hildesheim}
}

@BOOK{Wolff1983,
  title = {Christiani Wolfii Philosophia Rationalis sive Logica},
  publisher = {Georg Olms Verlag},
  year = {1983},
  editor = {Jean Ecole},
  author = {Christian Wolff},
  owner = {baskerville},
  timestamp = {2007.06.20}
}

@BOOK{Wolff95,
  title = {{Die Vollst{\"a}ndigkeit der kantischen Urteilstafel. Mit einem Essay
	{\"u}ber Freges 'Begriffschrift'}},
  publisher = {Vittorio Klostermann},
  year = {1995},
  author = {Wolff, Michael},
  address = {Frankfurt-am-Main}
}

@INCOLLECTION{sep-possible-objects,
  author = {Takashi Yagisawa},
  title = {Possible Objects},
  booktitle = {The Stanford Encyclopedia of Philosophy},
  year = {Fall 2005},
  editor = {Edward N. Zalta},
  url = {http://plato.stanford.edu/archives/fall2005/entries/possible-objects/}
}

@BOOK{Feigl53,
  title = {{Readings in the Philosophy of Science}},
  publisher = {Appleton-Century-Crofts},
  year = {1953},
  editor = {Feigl, H. and Brodbeck, M.},
  address = {New York}
}

@BOOK{Loux2003,
  title = {The Oxford Handbook of Metaphysics},
  publisher = {Oxford University Press},
  year = {2003},
  editor = {Michael Loux and Dean Zimmerman},
  owner = {baskerville},
  timestamp = {2007.06.23}
}

@BOOK{PenMac,
  title = {{The First Critique: Reflections on Kant's 'Critique of Pure Reason'}},
  publisher = {Wadsworth},
  year = {1969},
  editor = {Penelhum, T. and MacIntosh, J.},
  address = {Belmont, CA}
}

